@article{Risi2016-RISTDO-5,
	author = {Vincenzo Risi},
	doi = {10.1007/s00407-015-0173-9},
	journal = {Archive for History of Exact Sciences},
	number = {6},
	pages = {591--676},
	publisher = {Springer Berlin Heidelberg},
	title = {The Development of Euclidean Axiomatics},
	volume = {70},
	year = {2016}
}

@ARTICLE{2003JGP....46..394C,
       author = {{Charette}, Virginie and {Drumm}, Todd A. and {Brill}, Dieter},
        title = "{Closed time-like curves in flat Lorentz space-times}",
      journal = {Journal of Geometry and Physics},
     keywords = {Mathematics - Differential Geometry, General Relativity and Quantum Cosmology, Mathematical Physics, 53C50, 53Z05, 57S30},
         year = 2003,
        month = jun,
       volume = {46},
       number = {3-4},
        pages = {394-408},
          doi = {10.1016/S0393-0440(02)00153-5},
archivePrefix = {arXiv},
       eprint = {math/0201199},
 primaryClass = {math.DG},
       adsurl = {https://ui.adsabs.harvard.edu/abs/2003JGP....46..394C},
      adsnote = {Provided by the SAO/NASA Astrophysics Data System}
}

@unpublished{something,
    author = {Yang S.},
    title = {양성덕의 미분 기하 강의 1편},
    publisher = {Yang S.},
    note = {unpublished}
}

@book{dodson2013tensor,
  title={Tensor geometry: the geometric viewpoint and its uses},
  author={Dodson, Christopher Terence John and Poston, Timothy},
  volume={130},
  year={2013},
  publisher={Springer Science \& Business Media}
}

@BOOK{Pressley2009-zs,
  title     = "Elementary Differential Geometry",
  author    = "Pressley, A N",
  publisher = "Springer",
  series    = "Springer undergraduate mathematics series",
  edition   =  2,
  month     =  nov,
  year      =  2009,
  address   = "London, England",
  language  = "en"
}
 